@book{c2_algorithms,
    author = {Goodrich and Michael T. and Roberto Tamassia and David M. Mount},
    title = {Data Structures and Algorithms in C++},
    publisher = {2nd ed. Hoboken: Wiley},
    howpublished = {print},
    year = {2011}
}

@book{graphs,
author = {Diestel, Reinhard},
address = {Berlin},
isbn = {3540609180},
keywords = {Graph theory},
language = {ger},
publisher = {Springer},
series = {Springer-Lehrbuch},
title = {Graphentheorie},
year = {1996 - 1996},
}
